%% This BibTeX bibliography file was created using BibDesk.
%% http://bibdesk.sourceforge.net/


%% Created for giulio at 2015-06-08 22:15:58 +0200 


%% Saved with string encoding Unicode (UTF-8) 



@book{manning2008introduction,
	Author = {Manning, Christopher D and Raghavan, Prabhakar and Sch{\"u}tze, Hinrich},
	Date-Added = {2015-06-05 10:43:19 +0000},
	Date-Modified = {2015-06-08 20:14:37 +0000},
	Publisher = {Cambridge university press Cambridge},
	Title = {Introduction to information retrieval},
	Year = {2008}}

@book{croft2010search,
	Author = {Croft, W Bruce and Metzler, Donald and Strohman, Trevor},
	Date-Added = {2015-06-05 10:13:38 +0000},
	Date-Modified = {2015-06-05 10:13:38 +0000},
	Publisher = {Addison-Wesley Reading},
	Title = {Search engines: Information retrieval in practice},
	Year = {2010}}

@misc{repoonline,
	Date-Added = {2015-06-05 10:09:16 +0000},
	Date-Modified = {2015-06-05 10:10:37 +0000},
	Howpublished = {\url{https://github.com/giuliolovisotto/information-retrieval}},
	Title = {GitHub link}}

@book{melucci2013information,
	Author = {Melucci, Massimo},
	Date-Added = {2015-06-05 10:02:17 +0000},
	Date-Modified = {2015-06-05 10:02:17 +0000},
	Publisher = {Franco Angeli},
	Title = {Information retrieval. Metodi e modelli per i motori di ricerca},
	Year = {2013}}

@misc{ACMCollection,
	Date-Modified = {2015-06-08 20:15:58 +0000},
	Howpublished = {\url{http://ir.dcs.gla.ac.uk/resources/test_collections/cacm/}},
	Title = {\uppercase{CACM} Collection}}

@book{back1996evolutionary,
	Author = {Back, Thomas},
	Date-Added = {2015-05-27 12:00:32 +0000},
	Date-Modified = {2015-05-27 12:00:32 +0000},
	Publisher = {Oxford Univ. Press},
	Title = {Evolutionary algorithms in theory and practice},
	Year = {1996}}
